@book{Boyd2004,
  title={Convex Optimization},
  author={Boyd, Stephen and Vandenberghe, Lieven},
  year={2004},
  publisher={Cambridge University Press}
}

@article{Deb2002,
  title={A fast and elitist multiobjective genetic algorithm: NSGA-II},
  author={Deb, Kalyanmoy and Pratap, Amrit and Agarwal, Sameer and Meyarivan, T},
  journal={IEEE Transactions on Evolutionary Computation},
  volume={6},
  number={2},
  pages={182--197},
  year={2002},
  publisher={IEEE}
}

@article{Zhang2007,
  title={MOEA/D: A multiobjective evolutionary algorithm based on decomposition},
  author={Zhang, Qingfu and Li, Hui},
  journal={IEEE Transactions on Evolutionary Computation},
  volume={11},
  number={6},
  pages={712--731},
  year={2007},
  publisher={IEEE}
}

@book{Hansen1992,
  title={Analysis of discrete ill-posed problems by means of the L-curve},
  author={Hansen, Per Christian},
  year={1992},
  publisher={SIAM Review}
}

@article{Xu2015,
  title={Photoacoustic imaging in biomedicine},
  author={Xu, Minghua and Wang, Lihong V.},
  journal={Review of Scientific Instruments},
  volume={77},
  pages={041101},
  year={2006}
}

@article{Tikhonov1963,
  title={Solution of incorrectly formulated problems and the regularization method},
  author={Tikhonov, A. N.},
  journal={Soviet Mathematics Doklady},
  volume={4},
  pages={1035--1038},
  year={1963}
}

@article{Candes2006,
  title={Stable signal recovery from incomplete and inaccurate measurements},
  author={Candes, Emmanuel J and Romberg, Justin and Tao, Terence},
  journal={Communications on Pure and Applied Mathematics},
  volume={59},
  number={8},
  pages={1207--1223},
  year={2006},
  publisher={Wiley Online Library}
}

@article{Lang2019,
  author    = {Oliver Lang and Péter Kovács and Christian Motz and Mario Huemer and Thomas Berer and Peter Burgholzer},
  title     = {A linear state space model for photoacoustic imaging in an acoustic attenuating media},
  journal   = {Inverse Problems},
  volume    = {35},
  number    = {1},
  pages     = {015003},
  year      = {2019},
  publisher = {IOP Publishing},
  doi       = {10.1088/1361-6420/aaea2c},
  url       = {https://doi.org/10.1088/1361-6420/aaea2c}
}

